@misc{silver2017mastering,
      title={Mastering Chess and Shogi by Self-Play with a General Reinforcement Learning Algorithm}, 
      author={David Silver and Thomas Hubert and Julian Schrittwieser and Ioannis Antonoglou and Matthew Lai and Arthur Guez and Marc Lanctot and Laurent Sifre and Dharshan Kumaran and Thore Graepel and Timothy Lillicrap and Karen Simonyan and Demis Hassabis},
      year={2017},
      eprint={1712.01815},
      archivePrefix={arXiv},
      primaryClass={cs.AI}
}

@misc{thakoor2016learning,
  title={Learning to play othello without human knowledge},
  author={Thakoor, Shantanu and Nair, Surag and Jhunjhunwala, Megha},
  year={2016},
  publisher={Stanford University, Final Project Report}
}

@misc{Bobingstern, title={Bobingstern/Alphazero-General: A fast, generalized, and modified implementation of Deepmindâ€™s distinguished Alphazero in pytorch.}, url={https://github.com/Bobingstern/alphazero-general}, journal={GitHub}, author={Bobingstern}} 